<record><leader>00000cas a2200000 a 4500</leader><controlfield tag="001">9244279</controlfield><controlfield tag="008">830222d18831964mduwr ne      0   a0eng  </controlfield><datafield ind1=" " ind2=" " tag="010"><subfield code="a">sn 83009643 </subfield></datafield><datafield ind1=" " ind2=" " tag="040"><subfield code="a">DLC</subfield><subfield code="b">eng</subfield><subfield code="c">DLC</subfield><subfield code="d">NPY</subfield><subfield code="d">YOX</subfield><subfield code="d">MFN</subfield><subfield code="d">NVF</subfield><subfield code="d">NVK</subfield><subfield code="d">DLC</subfield><subfield code="d">KRTAS</subfield><subfield code="d">DLC</subfield><subfield code="d">OCLCQ</subfield><subfield code="d">HUL</subfield><subfield code="d">OCLCF</subfield><subfield code="d">DLC</subfield><subfield code="d">HUL</subfield><subfield code="d">DLC</subfield></datafield><datafield ind1="0" ind2=" " tag="022"><subfield code="a">2332-9467</subfield><subfield code="l">2332-9467</subfield><subfield code="2">1</subfield></datafield><datafield ind1=" " ind2=" " tag="042"><subfield code="a">pcc</subfield><subfield code="a">nsdp</subfield></datafield><datafield ind1=" " ind2=" " tag="043"><subfield code="a">n-us-md</subfield></datafield><datafield ind1="0" ind2="0" tag="050"><subfield code="a">Newspaper</subfield></datafield><datafield ind1="1" ind2="0" tag="082"><subfield code="a">071</subfield><subfield code="2">23</subfield></datafield><datafield ind1="0" ind2=" " tag="130"><subfield code="a">Baltimore American (Baltimore, Md. : Daily)</subfield></datafield><datafield ind1=" " ind2="0" tag="222"><subfield code="a">Baltimore American</subfield><subfield code="b">(Baltimore, Md. Daily)</subfield></datafield><datafield ind1="1" ind2="0" tag="245"><subfield code="a">Baltimore American.</subfield></datafield><datafield ind1="1" ind2="7" tag="246"><subfield code="a">Baltimore American and commercial advertiser</subfield></datafield><datafield ind1="1" ind2="2" tag="246"><subfield code="a">Daily American</subfield></datafield><datafield ind1="1" ind2=" " tag="246"><subfield code="i">Issues for Sunday published as:</subfield><subfield code="a">Baltimore Sunday American</subfield></datafield><datafield ind1=" " ind2=" " tag="260"><subfield code="a">Baltimore, Md. :</subfield><subfield code="b">Charles C. Fulton &amp; Co.,</subfield><subfield code="c">1883-1964.</subfield></datafield><datafield ind1=" " ind2=" " tag="300"><subfield code="a">v.</subfield></datafield><datafield ind1=" " ind2=" " tag="310"><subfield code="a">Weekly,</subfield><subfield code="b">&lt;Apr. 7, 1929&gt;-1964</subfield></datafield><datafield ind1=" " ind2=" " tag="321"><subfield code="a">Daily,</subfield><subfield code="b">1883-&lt;Oct. 28, 1928&gt;</subfield></datafield><datafield ind1="0" ind2=" " tag="362"><subfield code="a">Vol. 165, no. 27,421 (Dec. 2, 1883)-190th year, no. 22 (Jan. 12, 1964).</subfield></datafield><datafield ind1=" " ind2=" " tag="515"><subfield code="a">Numbering is irregular.</subfield></datafield><datafield ind1=" " ind2=" " tag="530"><subfield code="a">Available on microfilm from the Library of Congress, Photoduplication Service.</subfield></datafield><datafield ind1=" " ind2="0" tag="651"><subfield code="a">Baltimore (Md.)</subfield><subfield code="v">Newspapers.</subfield></datafield><datafield ind1=" " ind2="7" tag="651"><subfield code="a">Maryland</subfield><subfield code="z">Baltimore.</subfield><subfield code="2">fast</subfield><subfield code="0">(OCoLC)fst01204292</subfield></datafield><datafield ind1=" " ind2="7" tag="655"><subfield code="a">Newspapers.</subfield><subfield code="2">fast</subfield><subfield code="0">(OCoLC)fst01423814</subfield></datafield><datafield ind1=" " ind2=" " tag="752"><subfield code="a">United States</subfield><subfield code="b">Maryland</subfield><subfield code="d">Baltimore.</subfield></datafield><datafield ind1="0" ind2=" " tag="775"><subfield code="t">Baltimore American (Baltimore, Md. : Weekly)</subfield><subfield code="x">2332-9521</subfield><subfield code="w">(DLC)sn 89060426</subfield><subfield code="w">(OCoLC)20815346</subfield></datafield><datafield ind1="0" ind2="0" tag="780"><subfield code="t">Baltimore American and commercial advertiser (Baltimore, Md. : 1870)</subfield><subfield code="x">2332-9475</subfield><subfield code="w">(DLC)sn 84038667</subfield><subfield code="w">(OCoLC)11429807</subfield></datafield><datafield ind1="0" ind2="7" tag="785"><subfield code="t">Baltimore news-post</subfield><subfield code="x">2332-9440</subfield><subfield code="w">(DLC)sn 83016644</subfield><subfield code="w">(OCoLC)9960338</subfield></datafield><datafield ind1="0" ind2="7" tag="785"><subfield code="t">News American</subfield><subfield code="x">2332-9459</subfield><subfield code="w">(DLC)sn 83009627</subfield><subfield code="w">(OCoLC)9235982</subfield></datafield><datafield ind1=" " ind2=" " tag="938"><subfield code="a">Kirtas Technologies, Inc.</subfield><subfield code="b">KRTS</subfield><subfield code="n">736186</subfield></datafield><datafield ind1="1" ind2=" " tag="029"><subfield code="a">AU@</subfield><subfield code="b">000025820166</subfield></datafield></record>